@article{felix,
    author  = "Potter, H.J. and Snape, S.T.",
    title   = "Potions of fortune",
    year    = "2005",
    journal = "Hogwarts journal of Magical Science",
    volume  = "4281",
    number  = "140",
    pages   = "130--321"
}


@article{texteditordepression,
    author  = "Doe, John and Doe, Jane",
    title   = "Depression due to text editors",
    year    = "2008",
    journal = "Journal of Universal Acception",
    volume  = "3",
    number  = "1",
    pages   = "13--32"
}

@article{alcohol,
    author  = "Doe, John and Doe, Jane",
    title   = "The Effect of Alcohol on Depression",
    year    = "2009",
    journal = "Journal of Universal Acception",
    volume  = "3",
    number  = "2",
    pages   = "184--201"
}

@article{money,
    author  = "Doe, John and Doe, Jane",
    title   = "Money stinks",
    year    = "2009",
    journal = "Journal of Universal Acception",
    volume  = "3",
    number  = "2",
    pages   = "201--208"
}

@article{msoffice,
    author  = "Gates, Bill",
    title   = "The importance of Microsoft Office",
    year    = "2003",
    journal = "Journal of Universal Acception",
    volume  = "1",
    number  = "3",
    pages   = "45--52"
}

@article{smokingman,
    author  = "Spender, CSM",
    title   = "The effects of Smoking on depression",
    year    = "2011",
    journal = "Journal of Universal Acception",
    volume  = "4",
    number  = "1",
    pages   = "1--8"
}
