@article{valley03,
    author  = "Valley, J.W.",
    title   = "Oxygen isotopes in zircon",
    year    = "2003",
    journal = "Reviews in Mineralogy and Geochemistry",
    volume  = "53",
    number  = "1",
    pages   = "343 – 386"
}

@article{valley01,
    author  = "Valley, J.W. and Kinny, P.D. and Schulze, D.J. and Spicuzza, M.J.",
    title   = "Zircon megacrysts from kimberlite: oxygen isotope variability among mantle melts",
    year    = "1998",
    journal = "Contrib. Mineral. Petrol.",
    volume  = "133",
    pages   = "1 – 11"
}

@article{ludwig01a,
    author  = "Ludwig, K.R.",
    title   = "SQUID 1.02, A User’s Manual",
    year    = "2001",
    journal = "Berkeley Geochronological Center Special Publication",
    volume  = "2"
}

@article{ludwig01b,
    author  = "Ludwig, K.R.",
    title   = "User’s Manual for Isoplot/Ex Rev. 2.49: A Geochronological Toolkit for Microsoft Excel",
    year    = "2001",
    journal = "erkeley Geochronological Center Special Publication",
    volume  = "1a"
}
